@Misc{mumps,
  title = {MUMPS : a parallel sparse direct solver},
  url   = {\url{http://graal.ens-lyon.fr/MUMPS/}},
  key   = {sparse matrix, direct solver, parallelisme}
}

@book{curnier92a,
  title={M{\'e}thodes num{\'e}riques en m{\'e}canique des solides},
  author={Curnier, A. and Curnier, A. and Curnier, A.},
  url={http://books.google.ch/books?id=-Z2zygAACAAJ},
  year={1992},
  publisher={EPFL}
}

@Article{hughes-83a,
  author = 	 {Hughes, T.J.R. and Belytschko, T.},
  title = 	 {A precis of developments in computational methods for transient analysis},
  journal = 	 {Journal. of Applied Mechanics (ASME)},
  year = 	 {1983},
  volume = 	 {50},
  pages = 	 {1033-1041}
}

@book{simo92,
  title={Computational Inelasticity},
  author={Simo, J.C. and Hughes, T.J.R.},
  year={1992},
  publisher={Springer}
}

