@Misc{mumps,
  title = {MUMPS : a parallel sparse direct solver},
  url   = {http://graal.ens-lyon.fr/MUMPS/}
  OPTkey = 	 {},
  OPTauthor = 	 {},
  OPThowpublished = {},
  OPTmonth = 	 {},
  OPTyear = 	 {},
  OPTnote = 	 {},
  OPTannote = 	 {}
}

